
@misc{BeardedManStudiosForgeNetworkingRemastered2021,
  title = {{{Forge Networking Remastered}}},
  author = {{Bearded Man Studios, Inc.}},
  abstract = {In short, Forge Networking is a free and open source multiplayer game (multi-user) networking system that has a very good integration with the Unity game engine. You wanna make a multiplayer game or real time multi-user application? This is the library for you.},
  copyright = {Apache-2.0},
  howpublished = "\url{https://github.com/BeardedManStudios/ForgeNetworkingRemastered}",
  keywords = {multiplayer,multiplayer-game,network-library,networking,unity,unity-game-engine,unity3d}
}

@misc{GettingStartedMLAPI,
  title = {{{MLAPI}}, {{Unity Multiplayer Networking}}},
  abstract = {Unity MLAPI is a mid-level networking library built for the Unity game engine to abstract networking. This allows developers to focus on the game rather than low level protocols and networking frameworks. All this is provided for free under the permissive MIT Licence by Unity and the MLAPI collaborators. MLAPI is open source with no attached costs or limitations, giving you the opportunity to develop features alongside Unity.},
  file = {/home/vogier/Zotero/storage/N37QYNWK/index.html},
  howpublished = "\url{https://docs-multiplayer.unity3d.com//docs/getting-started/about-mlapi}",
  language = {en}
}

@misc{MirrorNetworkingOpen,
  title = {Mirror {{Networking}} \textendash{} {{Open Source Networking}} for {{Unity}}},
  howpublished = "\url{https://mirror-networking.com/}",
  file = {/home/vogier/Zotero/storage/4LIHIPFN/mirror-networking.com.html},
  language = {en-US}
}

@misc{PhotonUnity3D,
  title = {{Photon Unity Networking}},
  howpublished = "\url{https://www.photonengine.com/pun}",
  file = {/home/vogier/Zotero/storage/GZ5G4W53/pun.html}
}

@misc{OpenXR,
  title = {{Khronos'} {OpenXR} standard},
  howpublished = "\url{https://www.khronos.org/openxr/}",
  file = {/home/vogier/Zotero/storage/GZ5G4W53/pun.html}
}



@misc{polar-kevMRTKUnityDeveloperDocumentation,
  title = {{{MRTK}} - {{Mixed Reality Toolkit}}},
  abstract = {Learn about the Mixed Reality Toolkit for Unity.},
  file = {/home/vogier/Zotero/storage/AM2F5BIE/mrtk-unity.html},
  howpublished = "\url{https://docs.microsoft.com/en-us/windows/mixed-reality/mrtk-unity/}",
  language = {en-us}
}


@misc{clientServerArchGambetta,
    title = "Client-Server Game Architecture",
    howpublished = "\url{https://www.gabrielgambetta.com/client-server-game-architecture.html}",
    author = "{Gabriel Gambetta}"
}

@article{augmentedrealityinproduction,
  title = {Assessing augmented reality in production: remote-assisted maintenance with HoloLens},
  author = {Wolfgang Vorraber and Johannes Gasser and Helena Webb and Dietmar Neubacher and Philipp Url},
  journal = "CIRP ICME '19",
  publisher = "ELSEVIER",
  year = "2020",
  howpublished = "\url{https://reader.elsevier.com/reader/sd/pii/S2212827120303401?token=43BD17D93340D0482410A90E8186ABE2D5DA9B683A66E19505691E04A3FC5292CCF81C62A13F8C38B75F3F6B0F92197B&originRegion=eu-west-1&originCreation=20220105110250}",
}

@article{metaverse,
  title = {3D Virtual Worlds and the Metaverse: Current Status and Future Possibilities},
  author = {John David N. Dionisio and William G. Burns and Richard Gilbert},
  journal = "ACM Comput",
  volume = "Surv. 45, 3",
  number = "Article 34",
  year = "June 2013",
  DOI = "http://dx.doi.org/10.1145/2480741.2480751",
  howpublished = "\url{https://dl.acm.org/doi/pdf/10.1145/2480741.2480751}",
}

@article{holographicconstruction,
  title = {{Holographic Construction}},
  author = {G. Jahn and C. Newnham and N. Berg and M. Iraheta},
  journal = "Springer International Publishing",
  volume = "10",
  year = "2020",
  DOI = "https://doi.org/10.1007/978-3-030-29829-625"
}

@article{objectbasedvisualinertia,
  title = {{Object-Based Visual-Inertial Tracking for Additive Fabrication}},
  author = {Sandy Timothy and Jonas Buchli and N. Berg and M. Iraheta},
  journal = "IEEE Robotics and Automation Letters ",
  volume = "3",
  year = "2018",
  DOI = "https://doi.org/10.1109/LRA.2018.2798700"
}

@inproceedings{autoreposition,
  author =       {T. Sandy and M. Giftthaler and K. D\"orfler and M. Kohler and J. Buchli},
  title =        {Autonomous repositioning and localization of an in situ fabricator},
  pages =        {2852--2858},
  DOI =          {https://doi.org/10.1109/ICRA.2016.7487449},
  journal =      {IEEE International Conference on Robotics and Automation (ICRA)},
  year =         {2016},
}

@inproceedings{kinematic,
  author =       {M. Giftthaler and F. Farshidian and S. Timothy and L. Stadelmann and J. Buchli},
  title =        {Efficient kinematic planning for mobile manipulators with non-holonomic constraints using optimal control},
  DOI =          {https://doi.org/10.1109/icra.2017.7989388},
  journal =      {IEEE International Conference on Robotics and Automation (ICRA)},
  year =         {2017},
}

@misc{augmentedacoustics,
  title = {Augmented Acoustics},
  author = {Gramazio Kohler Research and Robotic System Lab (ETH Zurich)},
  howpublished = "\url{https://gramaziokohler.arch.ethz.ch/web/e/projekte/408.html}",
  language = {en-US},
  year = {September 2021}
}

@article{augmentedbricklaying,
  title = {{Augmented bricklaying:  Human–machine interaction for in situ assembly of complex brickwork using object-aware augmented reality}},
  author = {D. Mitterberger and K. D\"orfler and T. Sandy and F. Salveridou and M. Hutter and F. Gramazio and M. Kohler},
  journal = "Construction Roboics",
  year = "2020",
  DOI = "https://doi:10.1007/s41693-020-00035-8"
}

@misc{incon,
  title = {Incon.ai},
  howpublished = "\url{https://incon.ai/}",
  language = {en-US},
}

@article{caudell1992augmented,
  title={Augmented reality: an application of heads-up display technology to manual manufacturing processes (pp. 659-669 vol. 2)},
  author={Caudell, TP and Mizell, DW},
  journal={IEEE. https://doi. org/10.1109/HICSS},
  year={1992}
}

@inproceedings{zhong2002collaborative,
  title={Collaborative augmented reality: A prototype for industrial training},
  author={Zhong, Xiao Wei and Boulanger, Pierre and Georganas, Nicolas D},
  booktitle={21th Biennial Symposium on Communication, Canada},
  year={2002}
}

@inproceedings{chen2013semarbeta,
  title={SEMarbeta: mobile sketch-gesture-video remote support for car drivers},
  author={Chen, Sicheng and Chen, Miao and Kunz, Andreas and Yanta{\c{c}}, Asim Evren and Bergmark, Mathias and Sundin, Anders and Fjeld, Morten},
  booktitle={Proceedings of the 4th Augmented Human International Conference},
  pages={69--76},
  year={2013}
}

@inproceedings{bottecchia2010tac,
  title={TAC: augmented reality system for collaborative tele-assistance in the field of maintenance through internet},
  author={Bottecchia, S{\'e}bastien and Cieutat, Jean-Marc and Jessel, Jean-Pierre},
  booktitle={Proceedings of the 1st Augmented Human International Conference},
  pages={1--7},
  year={2010}
}

@article{mourtzis2016cloud,
  title={A cloud-based approach for maintenance of machine tools and equipment based on shop-floor monitoring},
  author={Mourtzis, Dimitris and Vlachou, Ekaterini and Milas, Nikolaos and Xanthopoulos, Nikitas},
  journal={Procedia Cirp},
  volume={41},
  pages={655--660},
  year={2016},
  publisher={Elsevier}
}

@inproceedings{wang2014augmented,
  title={An augmented reality based system for remote collaborative maintenance instruction of complex products},
  author={Wang, Junfeng and Feng, Yaqing and Zeng, Cheng and Li, Shiqi},
  booktitle={2014 IEEE International Conference on Automation Science and Engineering (CASE)},
  pages={309--314},
  year={2014},
  organization={IEEE}
}

@article{yin2020vr,
  title={VR and AR in human performance research―An NUS experience},
  author={Yin, Jun-Hao and Chng, Chin-Boon and Wong, Pooi-Mun and Ho, Nicholas and Chua, Matthew and Chui, Chee-Kong},
  journal={Virtual Reality \& Intelligent Hardware},
  volume={2},
  number={5},
  pages={381--393},
  year={2020},
  publisher={Elsevier}
}

@image{mari,
  title={Sedia n.1, Proposta per un’autoprogettazione},
  author={Enzo Mari},
  year={1974},
  howpublished = "\url{https://www.salonemilano.it/en/articoli/insider/nina-bassoli-talks-about-take-your-seat-prendi-posizione-0}",
}

@image{vive,
  title={Vive Pro},
  author={HTC},
  howpublished = "\url{https://www.techmania.ch/api/ProcessRequest/2171314/BN/520x520-htc-vive-pro-full-kit.jpg?sourceId=27015765&source=Product}",
}

@image{hololens,
  title={Hololens 2},
  author={Microsoft},
  howpublished = "\url{https://www.virtualrealityhire.com/wp-content/uploads/2020/07/Hololens-2.jpg}",
}